@article{Chen2001,
author = {Chen, Robert J and Zhang, Yuegang and Wang, Dunwei and Dai, Hongjie},
doi = {10.1021/ja010172b},
file = {:C\:/Users/perkinne/AppData/Local/Mendeley Ltd./Mendeley Desktop/Downloaded/Chen et al. - 2001 - Noncovalent sidewall functionalization of single-walled carbon nanotubes for protein immobilization.pdf:pdf},
issn = {00027863},
journal = {Journal of the American Chemical Society},
number = {16},
pages = {3838--3839},
pmid = {11457124},
title = {{Noncovalent sidewall functionalization of single-walled carbon nanotubes for protein immobilization}},
url = {http://pubs.acs.org.},
volume = {123},
year = {2001}
}
